629.8312    K. Ogata Engenharia de Controle Moderno 5e
620.3 In6e  D. J. Inman Engineering Vibration 2e
620.3 T387t W. T. Thomson Teoria da Vibração com Aplicações

@book{620.3R18v,
    author = {W. T. Thomson},
    year = {2009},
    title = {Vibrações Mecânicas},
    publisher = {},
    address = {},
    edition = {4}
}

@book{620.3In6e,
    author = {D. J. Inman},
    year = {},
    title = {Engineering Vibration},
    publisher = {},
    address = {},
    edition = {2}
}

@book{629.8312,
    author = {K. Ogata},
    year = {},
    title = {Engenharia de Controle Moderno},
    publisher = {},
    address = {},
    edition = {5}
}

@book{620.3T387t,
    author = {W. T. Thomson},
    year = {},
    title = {Teoria da Vibração com Aplicações},
    publisher = {},
    address = {},
    edition = {1}
}